@article{Ketschik2021On,
	journal={Journal of Cultural Analytics},
	doi={10.22148/001c.30700},
	number=4,
	publisher={Department of Languages, Literatures, and Cultures},
	title={On the Theory of Narrative Levels and Their Annotation in the Digital Context},
	volume=6,
	author={Ketschik, Nora and Krautter, Benjamin and Murr, Sandra and Zimmermann, Yvonne},
	date={2021-12-15},
	year=2021,
	month=12,
	day=15,
}

@article{Barth2021Annotation,
	journal={Journal of Cultural Analytics},
	doi={10.22148/001c.30701},
	number=4,
	publisher={Department of Languages, Literatures, and Cultures},
	title={Annotation Guidelines for Narrative Levels and Narrative Acts v2},
	volume=6,
	author={Barth, Florian},
	date={2021-12-15},
	year=2021,
	month=12,
	day=15,
}

