@LanguageResource{Speecon,
    author = "{Speecon Consortium}",
    title = "Catalan Speecon database",
    publisher = "Speecon Project, distributed via ELRA: ELRA-Id S0327",
    year = "2011",
    series = "Speecon resources",
    edition = "1.0",
	islrn = "935-211-147-357-5",
}
@LanguageResource{EMILLE,
    author = "{McEnery A. et. al.}",
    title = "The EMILLE/CIIL Corpus",
    publisher = "distributed via ELRA: ELRA-Id W0037",
    year = "2004",
    islrn = "039-846-040-604-0",
}
@misc{eltec,
  author = {Lou Burnard and Carolin Odebrecht},
  title = {English Novel Corpus (ELTeC-eng) April 2021 release (v1.0.1)},
  doi = {10.5281/zenodo.4662490},
  year = {2021},
  publisher = {Zenodo}
}

@article{devlin_bert_2019,
	title = {{BERT}: {Pre}-training of {Deep} {Bidirectional} {Transformers} for {Language} {Understanding}},
	shorttitle = {{BERT}},
	url = {http://arxiv.org/abs/1810.04805},
	abstract = {We introduce a new language representation model called BERT, which stands for Bidirectional Encoder Representations from Transformers. Unlike recent language representation models, BERT is designed to pre-train deep bidirectional representations from unlabeled text by jointly conditioning on both left and right context in all layers. As a result, the pre-trained BERT model can be fine-tuned with just one additional output layer to create state-of-the-art models for a wide range of tasks, such as question answering and language inference, without substantial task-specific architecture modifications. BERT is conceptually simple and empirically powerful. It obtains new state-of-the-art results on eleven natural language processing tasks, including pushing the GLUE score to 80.5\% (7.7\% point absolute improvement), MultiNLI accuracy to 86.7\% (4.6\% absolute improvement), SQuAD v1.1 question answering Test F1 to 93.2 (1.5 point absolute improvement) and SQuAD v2.0 Test F1 to 83.1 (5.1 point absolute improvement).},
	urldate = {2021-11-21},
	journal = {arXiv:1810.04805 [cs]},
	author = {Devlin, Jacob and Chang, Ming-Wei and Lee, Kenton and Toutanova, Kristina},
	month = may,
	year = {2019},
	note = {arXiv: 1810.04805},
	keywords = {Computer Science - Computation and Language},
}

